@manual{sample,
  author = {TU Dortmund},
  title = {Versuch zum Literaturverzeichnis},
  year = 2014
}
@online{EckModul,
  author = "H. Föll",
  title = "Elastizitätsmodul in Zahlen",
  url ="http://www.tf.uni-kiel.de/matwis/amat/mw1_ge/kap_7/illustr/t7_1_2.html",
}
@online{density,
  title = "Tabellensammlung Chemie/ Dichte fester Stoffe",
  urldate = "2017-11-04",
  url = "https://de.wikibooks.org/wiki/Tabellensammlung_Chemie/_Dichte_fester_Stoffe"
}
@online{RundModul,
  author = "Rolf Preuß",
  url = "http://www.chemie.de/lexikon/Elastizitätsmodul.html",
  title = "Elastizitätsmodul",
  urldate = "2017-11-05"
}
@online{Anleitung,
  title = "Versuchsanleitung für v103 biegung elastischer Stäbe im AP der Fakultät Physik an der TU Dortmund",
  url = "http://129.217.224.2/HOMEPAGE/PHYSIKER/BACHELOR/AP/SKRIPT/V103.pdf",
  urldate = "2017-11-05",
}
