@manual{sample,
  author = {TU Dortmund},
  title = {Versuch zum Literaturverzeichnis},
  year = 2018
}
@online{Anleitung,
  title = "Anleitung zu v504, Thermische Elektronenemission",
  url = "http://129.217.224.2/HOMEPAGE/PHYSIKER/BACHELOR/AP/SKRIPT/V504.pdf",
  urldate = "2017-11-19",
}
@online{scipyconst,
      title = "Physikalische Konstanten in Scipy",
      url = "https://docs.scipy.org/doc/scipy/reference/constants.html",
      urldate = "2018-05-04",
}
@online{wolframlit,
      title = "Austrittsarbeit - Lexikon der Physik",
      url = "https://www.spektrum.de/lexikon/physik/austrittsarbeit/1067",
      urldate = "2018-05-05",
}
