@manual{sample,
      author = {TU Dortmund},
      title = {Versuch zum Literaturverzeichnis},
      year = 2017
}
@online{Anleitung,
      title = "Anleitung zu v201: Das Dulong-Petitsche Gesetz",
      url = "http://129.217.224.2/HOMEPAGE/PHYSIKER/BACHELOR/AP/SKRIPT/V201.pdf",
      urldate = "2017-10-05",
}
@online{Gaskonstante,
      title = "The NIST Reference on Constants, Units and Uncertainty",
      urldate = "2017-12-24",
      url = "https://physics.nist.gov/cgi-bin/cuu/Value?r|search_for=physchem_in!",
}
@online{spezwärm,
      title = "Tabellensammlung Chemie/ spezifische Wärmekapazitäten",
      urldate = "2017-12-27",
      url = "https://de.wikibooks.org/wiki/Tabellensammlung_Chemie/_spezifische_Wärmekapazitäten"
}
@online{wärmeleitung,
      title = "Wärmeleitfähigkeit - Metalle",
      urldate = "2017-12-31",
      url = "https://www.schweizer-fn.de/stoff/wleit_metall/wleit_metall.php"
}
@online{wasserC,
  title = "Spezifische Wärmekapazität",
  urldate = "2018-01-10",
  url = "https://de.wikipedia.org/wiki/Spezifische_Wärmekapazität"
}
