@manual{sample,
    author = {TU Dortmund},
    title = {Versuch zum Literaturverzeichnis},
    year = 2018
}
@online{Anleitung,
    title = "Anleitung zu v702, Aktivierung mit Neutronen",
    url = "http://129.217.224.2/HOMEPAGE/PHYSIKER/BACHELOR/AP/SKRIPT/V702.pdf",
    urldate = "2017-11-19",
}
@online{scipyconst,
    title = "Physikalische Konstanten in Scipy",
    url = "https://docs.scipy.org/doc/scipy/reference/constants.html",
    urldate = "2018-06-02",
}
@online{litInd,
    title = "Das Periodensystem der Elemente online",
    url = "http://www.periodensystem-online.de/index.php?id=isotope&el=49&mz=116&nrg=0.1273&show=nuklid",
    urldate = "2018-06-10"
}
@online{litRh,
    title = "Das Periodensystem der Elemente online",
    url = "http://www.periodensystem-online.de/index.php?id=isotope&el=45&mz=104&nrg=0&show=nuklid&sel=",
    urldate = "2018-06-10"
}
