@manual{sample,
      author = {TU Dortmund},
      title = {Versuch zum Literaturverzeichnis},
      year = 2017
}
@online{Anleitung,
      title = "Anleitung zu v206: Die Wärmepumpe",
      url = "http://129.217.224.2/HOMEPAGE/PHYSIKER/BACHELOR/AP/SKRIPT/V206.pdf",
      urldate = "2017-10-05",
}
@online{Gasgleichung,
      title = "Thermische Zustandsgleichung idealer Gase",
      url = "http://www.chemie.de/lexikon/Thermische_Zustandsgleichung_idealer_Gase.html",
      urldate = "2018-01-20"}
@online{v203,
      title = "Anleitung zu Versuch V203: Verdampfungswärme und Dampfdruckkurve",
      url = "http://129.217.224.2/HOMEPAGE/PHYSIKER/BACHELOR/AP/SKRIPT/V203.pdf",
      urldate = "2018-01-21"
}
@online{gaskonst,
      title = "Gaskonstante",
      url = "https://de.wikipedia.org/wiki/Gaskonstante",
      urldate = "2018-01-21"
}
@online{wasserC,
  title = "Spezifische Wärmekapazität",
  urldate = "2018-01-10",
  url = "https://de.wikipedia.org/wiki/Spezifische_Wärmekapazität"
}
