@manual{sample,
  author = {TU Dortmund},
  title = {Versuch zum Literaturverzeichnis},
  year = 2018
}
@online{Anleitung501,
  title = "Anleitung zu v501, Elektronen im elektr. Feld",
  url = "http://129.217.224.2/HOMEPAGE/PHYSIKER/BACHELOR/AP/SKRIPT/V501.pdf",
  urldate = "2017-11-19",
}
@online{Anleitung502,
  title = "Anleitung zu v502, Elektronen im magn. Feld",
  url = "http://129.217.224.2/HOMEPAGE/PHYSIKER/BACHELOR/AP/SKRIPT/V502.pdf",
  urldate = "2017-11-19",
}
@online{elektron,
  title = "Fundamental Physical Constants",
  url = "https://physics.nist.gov/cgi-bin/cuu/Value?esme|search_for=electron",
  urldate = "2018-05-14"
}
@online{bfield,
  title = "IGRF Declination Calculator",
  url = "http://isdc.gfz-potsdam.de/geomagnetism/igrf-declination-calculator/",
  urldate = "2018-05-14"
}
