@manual{sample,
  author = {TU Dortmund},
  title = {Versuch zum Literaturverzeichnis},
  year = 2017
}
@online{Anleitung,
  title = "Anleitung zu V308: Spulen und Magnetfelder",
  url = "http://129.217.224.2/HOMEPAGE/PHYSIKER/BACHELOR/AP/SKRIPT/V308.pdf",
  urldate = "2017-12-09",
}
