@manual{sample,
  author = {TU Dortmund},
  title = {Versuch zum Literaturverzeichnis},
  year = 2017
}
@online{Anleitung,
  title = "Anleitung zu v302: Elektrische Br√ºckenschaltungen",
  url = "http://129.217.224.2/HOMEPAGE/PHYSIKER/BACHELOR/AP/SKRIPT/V302.pdf",
  urldate = "2017-12-09",
}
@online{klirr,
  title = "Klirrfaktor",
    url = "https://de.wikipedia.org/wiki/Klirrfaktor",
    urldate = "2017-12-10"
}
