@manual{sample,
  author = {TU Dortmund},
  title = {Versuch zum Literaturverzeichnis},
  year = 2018
}
@online{Anleitung,
  title = "Anleitung zu v601, Franck-Hertz.Versuch",
  url = "http://129.217.224.2/HOMEPAGE/PHYSIKER/BACHELOR/AP/SKRIPT/V601.pdf",
  urldate = "2017-11-19",
}
@online{scipyconst,
      title = "Physikalische Konstanten in Scipy",
      url = "https://docs.scipy.org/doc/scipy/reference/constants.html",
      urldate = "2018-05-04",
}
@online{LitFH,
  title = "Franck-Hertz-Versuch",
  url = "https://de.wikipedia.org/wiki/Franck-Hertz-Versuch",
  urldate = "2018-05-26"
}
@online{Ionlit,
  title = "Das interaktive Periodensysten der Elemente",
  url = "http://www.periodensystem.info/elemente/quecksilber/",
  urldate = "2018-06-15 ",
}
