@manual{sample,
  author = {TU Dortmund},
  title = {Versuch zum Literaturverzeichnis},
  year = 2017
}
@online{Anleitung,
  title = "Anleitung zu v401, Das Michelson-Interferometer",
  url = "http://129.217.224.2/HOMEPAGE/PHYSIKER/BACHELOR/AP/SKRIPT/V401.pdf",
  urldate = "2017-11-19",
}
@online{brechlit,
  title =  "Brechzahl",
  url = "https://www.spektrum.de/lexikon/physik/brechzahl/1958",
  urldate = "2018-04-11"
}
