@manual{sample,
  author = {TU Dortmund},
  title = {Versuch zum Literaturverzeichnis},
  year = 2017
}
@online{Anleitung,
  title = "Anleitung zu v351 Fourier-Analyse und Synthese",
  url = "http://129.217.224.2/HOMEPAGE/PHYSIKER/BACHELOR/AP/SKRIPT/V351.pdf",
  urldate = "2017-11-19",
}
