@manual{sample,
  author = {TU Dortmund},
  title = {Versuch zum Literaturverzeichnis},
  year = 2017
}
@online{Anleitung,
  title = "Anleitung zu v308, Spulen und Magnetfelder",
  url = "http://129.217.224.2/HOMEPAGE/PHYSIKER/BACHELOR/AP/SKRIPT/Magnetfeld.pdf",
  urldate = "2017-11-19",
}

@online{solenoid,
  author = "Gerhard Müller",
  title = "Magnetic Field on the Axis of a Solenoid",
  year = "2004",
  url="http://www.phys.uri.edu/gerhard/PHY204/tsl215.pdf",
  note = "[Online; aufgerufen am 15.12.2017]"
}
@online{helm,
  author = "Eric Dennison",
  title = "On-Axis Field of an Ideal Helmholtz Coil",
  year = "2005",
  url="https://tiggerntatie.github.io/emagnet/helmholtz/idealhelmholtz.htm",
  note = "[Online; aufgerufen am 15.12.2017]"
}
@online{Helmskizze,
  author = "Wikipedia Contributers",
  title = "Helmholtz-Spule",
  urldate = "2017-12-18",
  url = "https://de.wikipedia.org/wiki/Helmholtz-Spule"
}
@online{muR,
  author = "Spektrum Akademischer Verlag, Heidelberg
  Mitarbeiter Band I bis Band VI",
  title = "Permeabilitätszahl",
  urldate = "2017-12-18",
  url = "http://www.spektrum.de/lexikon/physik/permeabilitaetszahl/11059",
  note ="[Online; zuletzt besucht am 18.12.2017]"
}
