@manual{sample,
  author = {TU Dortmund},
  title = {Versuch zum Literaturverzeichnis},
  year = 2017
}
@online{Anleitung,
  title = "Anleitung zu v301: Leerlaufspannung und Innenwiderstand von
  Spannunsquellen",
  url = "http://129.217.224.2/HOMEPAGE/PHYSIKER/BACHELOR/AP/SKRIPT/V301.pdf",
  urldate = "2017-12-03",
}
@online{Schaltplanskizzen,
	title = "A Simple and Powerful Electric Circuit Design Tool",
	url = "https://easyeda.com/editor",
	urldate = "2017-11-25",
}
