@manual{sample,
      author = {TU Dortmund},
      title = {Versuch zum Literaturverzeichnis},
      year = 2017
}
@online{Anleitung,
      title = "Anleitung zu v204: W채rmeleitung von Metallen",
      url = "http://129.217.224.2/HOMEPAGE/PHYSIKER/BACHELOR/AP/SKRIPT/V204.pdf",
      urldate = "2017-10-05",
}
@online{w채rmeleitung,
      title = "W채rmekapazit채t von Metallen",
      urldate = "2018-01-14",
      url = "https://www.schweizer-fn.de/stoff/wleit_metall/wleit_metall.php"
}
